<record><leader>00000cas a22000007a 4500</leader><controlfield tag="001">14964158</controlfield><controlfield tag="008">861212d19861992arudn ne      0   a0eng d</controlfield><datafield ind1=" " ind2=" " tag="010"><subfield code="a">sn 86010653 </subfield></datafield><datafield ind1=" " ind2=" " tag="040"><subfield code="a">NSD</subfield><subfield code="b">eng</subfield><subfield code="c">NSD</subfield><subfield code="d">ANU</subfield><subfield code="d">NSD</subfield><subfield code="d">ANU</subfield><subfield code="d">OCLCQ</subfield></datafield><datafield ind1=" " ind2=" " tag="012"><subfield code="j">1</subfield><subfield code="k">1</subfield><subfield code="m">d</subfield></datafield><datafield ind1="1" ind2=" " tag="022"><subfield code="a">0891-5601</subfield><subfield code="l">0891-5601</subfield><subfield code="2">1</subfield></datafield><datafield ind1=" " ind2=" " tag="037"><subfield code="b">General Media Inc., 116 West Hickory, Jacksonville, AR 72076</subfield></datafield><datafield ind1=" " ind2=" " tag="042"><subfield code="a">nsdp</subfield></datafield><datafield ind1="0" ind2=" " tag="130"><subfield code="a">Jacksonville news (Jacksonville, Ark.)</subfield></datafield><datafield ind1=" " ind2="0" tag="222"><subfield code="a">Jacksonville news</subfield></datafield><datafield ind1="1" ind2="0" tag="245"><subfield code="a">Jacksonville news.</subfield></datafield><datafield ind1=" " ind2=" " tag="260"><subfield code="a">Jacksonville, AR :</subfield><subfield code="b">General Media</subfield></datafield><datafield ind1=" " ind2=" " tag="300"><subfield code="a">v.</subfield></datafield><datafield ind1=" " ind2=" " tag="310"><subfield code="a">Daily (except Monday and Saturday),</subfield><subfield code="b">Feb. 12, 1991-June 26, 1992</subfield></datafield><datafield ind1=" " ind2=" " tag="321"><subfield code="a">Semiweekly,</subfield><subfield code="b">Oct. 8, 1986-Oct. 29, 1989</subfield></datafield><datafield ind1=" " ind2=" " tag="321"><subfield code="a">Daily (except Sunday and Monday),</subfield><subfield code="b">Oct. 31, 1989-Sept. 29, 1990</subfield></datafield><datafield ind1=" " ind2=" " tag="321"><subfield code="a">Daily (except Monday, Tuesday and Saturday),</subfield><subfield code="b">Oct. 3, 1990-Feb. 10, 1991</subfield></datafield><datafield ind1="0" ind2=" " tag="362"><subfield code="a">Vol. 29, no. 35 (Oct. 8, 1986)-v. 34, no. 220 (June 26, 1992).</subfield></datafield><datafield ind1=" " ind2=" " tag="588"><subfield code="a">Latest issue consulted: Vol. 31, no. 34 (Dec. 23, 1988).</subfield></datafield><datafield ind1=" " ind2="4" tag="651"><subfield code="a">Pulaski County (Ark.)</subfield><subfield code="v">Newspapers.</subfield></datafield><datafield ind1=" " ind2="4" tag="651"><subfield code="a">Jacksonville (Ark.)</subfield><subfield code="v">Newspapers.</subfield></datafield><datafield ind1=" " ind2=" " tag="752"><subfield code="a">United States</subfield><subfield code="b">Arkansas</subfield><subfield code="c">Pulaski</subfield><subfield code="d">Jacksonville.</subfield></datafield><datafield ind1="0" ind2="0" tag="780"><subfield code="t">Jacksonville daily news (Jacksonville, Ark. : 1982)</subfield><subfield code="w">(DLC)sn 92050047</subfield></datafield><datafield ind1="0" ind2="0" tag="785"><subfield code="t">Jacksonville patriot</subfield><subfield code="x">1064-7260</subfield><subfield code="w">(DLC)sn 92005182</subfield><subfield code="w">(OCoLC)26381908</subfield></datafield><datafield ind1="1" ind2=" " tag="029"><subfield code="a">AU@</subfield><subfield code="b">000025839714</subfield></datafield></record>